<record><leader>00000cas a22000007a 4500</leader><controlfield tag="001">12494134</controlfield><controlfield tag="008">850905d18531857wiudn ne      0    0eng d</controlfield><datafield ind1=" " ind2=" " tag="010"><subfield code="a">sn 85040974 </subfield></datafield><datafield ind1=" " ind2=" " tag="040"><subfield code="a">NPV</subfield><subfield code="b">eng</subfield><subfield code="c">NPV</subfield><subfield code="d">OCLCQ</subfield></datafield><datafield ind1=" " ind2=" " tag="042"><subfield code="a">msc</subfield></datafield><datafield ind1="0" ind2=" " tag="130"><subfield code="a">Daily courier (Oshkosh, Wis.)</subfield></datafield><datafield ind1="1" ind2="0" tag="245"><subfield code="a">Daily courier.</subfield></datafield><datafield ind1="1" ind2="7" tag="246"><subfield code="a">Oshkosh daily courier</subfield></datafield><datafield ind1=" " ind2=" " tag="260"><subfield code="a">Oshkosh, Wis. :</subfield><subfield code="b">Read &amp; Nevitt</subfield></datafield><datafield ind1=" " ind2=" " tag="300"><subfield code="a">v.</subfield></datafield><datafield ind1=" " ind2=" " tag="310"><subfield code="a">Daily (except Sat. and Sun.)</subfield></datafield><datafield ind1="1" ind2=" " tag="362"><subfield code="a">Began in 1853; ceased in 1857?</subfield></datafield><datafield ind1=" " ind2=" " tag="580"><subfield code="a">Issued also in a weekly edition: Oshkosh weekly courier, &lt;May 11&gt;-31, 1854; Oshkosh courier, June 1, 1854-&lt;June 16, 1857&gt;.</subfield></datafield><datafield ind1=" " ind2=" " tag="588"><subfield code="a">Description based on: Vol. 2, no. 1 (May 11, 1854).</subfield></datafield><datafield ind1=" " ind2=" " tag="752"><subfield code="a">United States</subfield><subfield code="b">Wisconsin</subfield><subfield code="c">Winnebago</subfield><subfield code="d">Oshkosh.</subfield></datafield><datafield ind1="1" ind2=" " tag="775"><subfield code="t">Oshkosh weekly courier</subfield><subfield code="w">(DLC)sn 85041596</subfield></datafield><datafield ind1="1" ind2=" " tag="775"><subfield code="t">Oshkosh courier</subfield><subfield code="w">(DLC)sn 85041595</subfield></datafield></record>